{
  "leader": "02353cam a22006131  4500",
  "fields": [
    {
      "001": "ocm01060561\\"
    },
    {
      "003": "OCoLC"
    },
    {
      "005": "20211007154604.0"
    },
    {
      "008": "810815s1947\\\\\\\\nyua\\\\\\\\\\b\\\\\\\\000\\0\\eng\\\\"
    },
    {
      "010": {
        "ind1": "\\",
        "ind2": "\\",
        "subfields": [
          {
            "a": "   47004689 "
          }
        ]
      }
    },
    {
      "040": {
        "ind1": "\\",
        "ind2": "\\",
        "subfields": [
          {
            "a": "NLM"
          },
          {
            "b": "eng"
          },
          {
            "c": "NLM"
          },
          {
            "d": "TLM"
          },
          {
            "d": "SER"
          },
          {
            "d": "CHS"
          },
          {
            "d": "MUQ"
          },
          {
            "d": "AGL"
          },
          {
            "d": "EYM"
          },
          {
            "d": "BOS"
          },
          {
            "d": "ZWZ"
          },
          {
            "d": "UKMGB"
          },
          {
            "d": "OCLCF"
          },
          {
            "d": "OCLCQ"
          },
          {
            "d": "OCLCO"
          },
          {
            "d": "OCLCQ"
          },
          {
            "d": "NLM"
          },
          {
            "d": "OCLCO"
          },
          {
            "d": "OCLCA"
          },
          {
            "d": "OCLCQ"
          },
          {
            "d": "WURST"
          },
          {
            "d": "UAB"
          },
          {
            "d": "OCLCO"
          }
        ]
      }
    },
    {
      "016": {
        "ind1": "7",
        "ind2": "\\",
        "subfields": [
          {
            "a": "CAT10915798"
          },
          {
            "2": "DNAL"
          }
        ]
      }
    },
    {
      "016": {
        "ind1": "7",
        "ind2": "\\",
        "subfields": [
          {
            "a": "31220010R"
          },
          {
            "2": "DNLM"
          }
        ]
      }
    },
    {
      "016": {
        "ind1": "7",
        "ind2": "\\",
        "subfields": [
          {
            "a": "012784843"
          },
          {
            "2": "Uk"
          }
        ]
      }
    },
    {
      "019": {
        "ind1": "\\",
        "ind2": "\\",
        "subfields": [
          {
            "a": "692250060"
          }
        ]
      }
    },
    {
      "035": {
        "ind1": "\\",
        "ind2": "\\",
        "subfields": [
          {
            "a": "(OCoLC)1060561"
          },
          {
            "z": "(OCoLC)692250060"
          }
        ]
      }
    },
    {
      "050": {
        "ind1": "0",
        "ind2": "0",
        "subfields": [
          {
            "a": "SF257"
          },
          {
            "b": ".A4"
          }
        ]
      }
    },
    {
      "055": {
        "ind1": "\\",
        "ind2": "3",
        "subfields": [
          {
            "a": "RA 601"
          },
          {
            "b": "A213"
          }
        ]
      }
    },
    {
      "060": {
        "ind1": "0",
        "ind2": "0",
        "subfields": [
          {
            "a": "WA 715"
          },
          {
            "b": "A213m 1947"
          }
        ]
      }
    },
    {
      "070": {
        "ind1": "0",
        "ind2": "\\",
        "subfields": [
          {
            "a": "389"
          },
          {
            "b": "Ad12"
          }
        ]
      }
    },
    {
      "072": {
        "ind1": "\\",
        "ind2": "7",
        "subfields": [
          {
            "a": "Q501"
          }
        ]
      }
    },
    {
      "072": {
        "ind1": "\\",
        "ind2": "7",
        "subfields": [
          {
            "a": "Q500"
          }
        ]
      }
    },
    {
      "082": {
        "ind1": "0",
        "ind2": "4",
        "subfields": [
          {
            "a": "614.3"
          },
          {
            "b": "ADA"
          }
        ]
      }
    },
    {
      "100": {
        "ind1": "1",
        "ind2": "\\",
        "subfields": [
          {
            "a": "Adams, Harold S."
          }
        ]
      }
    },
    {
      "245": {
        "ind1": "1",
        "ind2": "0",
        "subfields": [
          {
            "a": "Milk and food sanitation practice /"
          },
          {
            "c": "[by] H.S. Adams ..."
          }
        ]
      }
    },
    {
      "260": {
        "ind1": "\\",
        "ind2": "\\",
        "subfields": [
          {
            "a": "New York :"
          },
          {
            "b": "The Commonwealth fund,"
          },
          {
            "c": "1947."
          }
        ]
      }
    },
    {
      "300": {
        "ind1": "\\",
        "ind2": "\\",
        "subfields": [
          {
            "a": "xi, 311 pages :"
          },
          {
            "b": "illustrations ;"
          },
          {
            "c": "25 cm"
          }
        ]
      }
    },
    {
      "336": {
        "ind1": "\\",
        "ind2": "\\",
        "subfields": [
          {
            "a": "text"
          },
          {
            "b": "txt"
          },
          {
            "2": "rdacontent"
          }
        ]
      }
    },
    {
      "337": {
        "ind1": "\\",
        "ind2": "\\",
        "subfields": [
          {
            "a": "unmediated"
          },
          {
            "b": "n"
          },
          {
            "2": "rdamedia"
          }
        ]
      }
    },
    {
      "338": {
        "ind1": "\\",
        "ind2": "\\",
        "subfields": [
          {
            "a": "volume"
          },
          {
            "b": "nc"
          },
          {
            "2": "rdacarrier"
          }
        ]
      }
    },
    {
      "504": {
        "ind1": "\\",
        "ind2": "\\",
        "subfields": [
          {
            "a": "Includes bibliographical references (p. 156-160, [243]-245. \"Supplementary source material\": pages [249]-251)."
          }
        ]
      }
    },
    {
      "650": {
        "ind1": "\\",
        "ind2": "0",
        "subfields": [
          {
            "a": "Milk."
          }
        ]
      }
    },
    {
      "650": {
        "ind1": "\\",
        "ind2": "0",
        "subfields": [
          {
            "a": "Food handling."
          }
        ]
      }
    },
    {
      "650": {
        "ind1": "\\",
        "ind2": "2",
        "subfields": [
          {
            "a": "Food Handling."
          },
          {
            "0": "https://id.nlm.nih.gov/mesh/D005511"
          }
        ]
      }
    },
    {
      "650": {
        "ind1": "\\",
        "ind2": "2",
        "subfields": [
          {
            "a": "Milk."
          },
          {
            "0": "https://id.nlm.nih.gov/mesh/D008892"
          }
        ]
      }
    },
    {
      "650": {
        "ind1": "\\",
        "ind2": "7",
        "subfields": [
          {
            "a": "Food handling."
          },
          {
            "2": "fast"
          },
          {
            "0": "(OCoLC)fst00930824"
          }
        ]
      }
    },
    {
      "650": {
        "ind1": "\\",
        "ind2": "7",
        "subfields": [
          {
            "a": "Milk."
          },
          {
            "2": "fast"
          },
          {
            "0": "(OCoLC)fst01021615"
          }
        ]
      }
    },
    {
      "653": {
        "ind1": "0",
        "ind2": "0",
        "subfields": [
          {
            "a": "food sanitation"
          }
        ]
      }
    },
    {
      "653": {
        "ind1": "0",
        "ind2": "0",
        "subfields": [
          {
            "a": "milk hygiene"
          }
        ]
      }
    },
    {
      "653": {
        "ind1": "0",
        "ind2": "0",
        "subfields": [
          {
            "a": "pasteurisatie"
          }
        ]
      }
    },
    {
      "653": {
        "ind1": "0",
        "ind2": "0",
        "subfields": [
          {
            "a": "pasteurization"
          }
        ]
      }
    },
    {
      "653": {
        "ind1": "0",
        "ind2": "0",
        "subfields": [
          {
            "a": "rundermastitis"
          }
        ]
      }
    },
    {
      "653": {
        "ind1": "0",
        "ind2": "0",
        "subfields": [
          {
            "a": "bovine mastitis"
          }
        ]
      }
    },
    {
      "653": {
        "ind1": "0",
        "ind2": "0",
        "subfields": [
          {
            "a": "kiemgetal"
          }
        ]
      }
    },
    {
      "653": {
        "ind1": "0",
        "ind2": "0",
        "subfields": [
          {
            "a": "bacterial count"
          }
        ]
      }
    },
    {
      "653": {
        "ind1": "1",
        "ind2": "0",
        "subfields": [
          {
            "a": "Food Quality and Safety"
          }
        ]
      }
    },
    {
      "653": {
        "ind1": "1",
        "ind2": "0",
        "subfields": [
          {
            "a": "Kwaliteit van levensmiddelen, voedselveiligheid"
          }
        ]
      }
    },
    {
      "776": {
        "ind1": "0",
        "ind2": "8",
        "subfields": [
          {
            "i": "Online version:"
          },
          {
            "a": "Adams, Harold S."
          },
          {
            "t": "Milk and food sanitation practice."
          },
          {
            "d": "New York, Commonwealth Fund, 1947"
          },
          {
            "w": "(OCoLC)555547343"
          }
        ]
      }
    },
    {
      "776": {
        "ind1": "0",
        "ind2": "8",
        "subfields": [
          {
            "i": "Online version:"
          },
          {
            "a": "Adams, Harold S."
          },
          {
            "t": "Milk and food sanitation practice."
          },
          {
            "d": "New York, Commonwealth Fund, 1947"
          },
          {
            "w": "(OCoLC)595478755"
          }
        ]
      }
    },
    {
      "776": {
        "ind1": "0",
        "ind2": "8",
        "subfields": [
          {
            "i": "Online version:"
          },
          {
            "a": "Adams, Harold S."
          },
          {
            "t": "Milk and food sanitation practice."
          },
          {
            "d": "New York, Commonwealth Fund, 1947"
          },
          {
            "w": "(OCoLC)607891892"
          }
        ]
      }
    },
    {
      "994": {
        "ind1": "\\",
        "ind2": "\\",
        "subfields": [
          {
            "a": "Z0"
          },
          {
            "b": "NYRVC"
          }
        ]
      }
    },
    {
      "948": {
        "ind1": "\\",
        "ind2": "\\",
        "subfields": [
          {
            "h": "NO HOLDINGS IN NYRVC - 167 OTHER HOLDINGS"
          }
        ]
      }
    },
    {
      "999": {
        "ind1": "\\",
        "ind2": "\\",
        "subfields": [
          {
            "a": "No barcode."
          }
        ]
      }
    },
    {
      "999": {
        "ind1": "\\",
        "ind2": "\\",
        "subfields": [
          {
            "a": "No barcode, second copy."
          }
        ]
      }
    }
  ]
}